@article{sod1978survey,
	title={A survey of several finite difference methods for systems of nonlinear hyperbolic conservation laws},
	author={Sod, Gary A},
	journal={Journal of computational physics},
	volume={27},
	number={1},
	pages={1--31},
	year={1978},
	publisher={Elsevier}
}
